@techreport{losalamos,
  title = "Analytical Benchmark Test Set for Criticality Code Verification",
  author = "Avneet Sood and R. A. Forster and D. K. Parsons",
  editor = "Patricia W. Mendius",
  institution = "Los Alamos National Laboratory",
  number = "LA-13511",
  year = "1999",
  language = "english",
  hyphenation = "english",
}

@PhDThesis{ chaco,
  title = "Metodología de análisis neutrónico de celdas de reactores de agua pesada",
  author = "Héctor Lestani",
  school = "Instituto Balseiro",
  type = "Tesis de Doctorado en Ingeniería Nuclear",
  year = "2014",
  language = "spanish",
  hyphenation = "spanish",
}

@PhDThesis{ nacho,
	title = "Desarrollo y aplicaciones de nuevas bibliotecas de secciones eficaces neutrónicas para H$_2$O, D$_2$O y HDO",
	author = "{José Ignacio} {Márquez Damián}",
	school = "Instituto Balseiro",
	type = "Tesis de Doctorado en Ciencias de la Ingeniería",
	year = "2014",
 language = "spanish",
 hyphenation = "spanish",

}


@misc{chaboncito,
  author = "Esteban Pellegrino",
  title = "Desarrollo de un código neutrónico de transporte multigrupo 3D por el método de elementos finitos",
  year = "2010",
  howpublished = "Proyecto Integrador de la Carrera de Ingeniería Nuclear, Instituto Balseiro",
  language = "spanish",
  hyphenation = "spanish",

}

@PhDThesis{ vitor,
	title = "Acoplamento neutrônico e termo-hidráulico usando os códigos milonga e OpenFOAM: uma abordagem com software livre",
	author = "{Vitor} {Vasconcelos Araújo Silva}",
	school = "Universidade Federal De Minas Gerais",
	type = "Pós-Graduação Em Ciências E Técnicas Nucleares Doutor em Ciências e Técnicas Nucleares",
	year = "2016",
 language = "portuguese",
 hyphenation = "portuguese",

}

@PhDThesis{ babcsany,
	title = "Development of a finite-element-based reactor physics code system for the solution of the simplified P3 approximation to
the neutron transport equation",
	author = "Boglárka Babcsány",
	school = "Budapest University of Technology and Economics",
	type = "A thesis submitted for the degree of Doctor of Philosophy",
	year = "2021",
 language = "english",
 hyphenation = "english",
}

@PhDThesis{ criekingen,
	title = "Mixed-Hybrid Discretization Methods for the Linear Transport Equation",
	author = "Serge {Van Criekingen}",
	school = "Northwestern University",
	year = "2004",
 language = "english",
 hyphenation = "english",
}



@book{faif,
 author = "Sam Williams",
 title = "Free as in Freedom: Richard Stallman's Crusade for Free Software",
 publisher = "O'Reilly",
 year = "2002",
 language = "english",
 hyphenation = "english",

}

@book{cathedral,
 author = "Eric S. Raymond",
 title = "{The Cathedral and the Bazaar}",
 publisher = "O'Reilly",
 edition = "2nd",
 year = "2001",
 language = "english",
 hyphenation = "english",
}

@book{hack-rms,
 author = "Tere Vad\'en and Richard M. Stallman",
 title = "The Hacker Community and Ethics: An Interview with Richard M. Stallman",
 publisher = "Tampere University Press",
 year = "2002",
 language = "english",
 hyphenation = "english",
}

@book{raymond,
 title = "{The Art of Unix Programming}",
 author = "Eric S. Raymond",
 publisher = "Addison-Wesley",
 year="2003",
 language = "english",
 hyphenation = "english",
}

@book{knuth97,
  author = {Knuth, Donald E.},
  edition = {Third},
  publisher = {Addison-Wesley},
  title = {The Art of Computer Programming, Vol. 1: Fundamental Algorithms},
  year = 1997,
 language = "english",
 hyphenation = "english",
}



@book{making,
 author = "Richard Rhodes",
 title = "The making of the atomic bomb",
 publisher = "Simon \& Schuster Paperbacks",
 edition = "Twenty-fifth anniversary edition",
 year = "2012",
 language = "english",
 hyphenation = "english",
}


@book{knuth-languages,
 title = "Selected Papers on Computer Languages",
 author = "Donald E. Knuth",
 publisher = "Center for the Study of Language and Information",
 year = "2003",
 language = "english",
 hyphenation = "english",
}



@techreport{ANS-19.3-2011,
 author = "ANS",
 number = "ANS-19.3-2011",
 title = "Steady-State Neutronics Methods for Power Reactor Analysis",
 institution = "American Nuclear Society",
 year = "2011",
 language = "english",
 hyphenation = "english",
}

@Book{ henry,
    title = "{Nuclear Reactor Analysis}",
    author = "Henry, A. F.",
    publisher = "Cambridge, MIT",
    year = "1975",
 language = "english",
 hyphenation = "english",

}

@Book{ lamarsh,
    title = "{Introduction to Nuclear Reactor Theory}",
    author = "Lamarsh, J. R.",
    publisher = "Addisson-Wesley",
    year = "1966",
 language = "english",
 hyphenation = "english",

}


@Book{ duderstadt,
    title = "{Nuclear Reactor Analysis}",
    author = "Duderstadt, J. J.  and Hamilton, L. J.",
    publisher = "Wiley, New York",
    year = "1976",
 language = "english",
 hyphenation = "english",

}

@book{ glasstone,
    author = "Glasstone, S. Bell, G.",
    title = "{Nuclear Reactor Theory}",
    publisher = "Krieger Publishing Company",
    year = "1970",
 language = "english",
 hyphenation = "english",
}

@book{ beckurts,
    author = "K. H. Beckurts and K. Wirtz",
    title = "Neutron Physics",
    publisher = "Springer-Verlag",
    year = "1964",
 language = "english",
 hyphenation = "english",
}


@Article{Hernandez:2005:SSF,
   author  = "Hernandez, V. and Roman, J. E. and Vidal, V.",
   title   = "{SLEPc}: A Scalable and Flexible Toolkit for the Solution of Eigenvalue Problems",
   journal = "ACM Transactions on Mathematical Software",
   volume  = "31",
   number  = "3",
   pages   = "351--362",
   month   = sep,
   year    = "2005",
 language = "english",
 hyphenation = "english",
}

@book{lewis,
  author = "Lewis, E. E. and Miller, W. F.",
  title = "Computational Methods of Neutron Transport",
  publisher = "John Wiley and Sons",
  year = "1984",
 language = "english",
 hyphenation = "english",
}

@book{stammler,
  author = "Stammler, R. J. G. and Abbate, M. J.",
  title = "Methods of Steady-State Reactor Physics in Nuclear Design",
  publisher = "Academic Press",
  year = "1983",
 language = "english",
 hyphenation = "english",
}


@book{stacey,
  author = "Stacey, W. M.",
  title = "Nuclear Reactor Physics",
  publisher = "Wiley-VCH",
  edition = "2nd",
  year = "2007",
 language = "english",
 hyphenation = "english",
}

@book{bathe,
  author = "Klaus-Jürgen Bathe",
  title = "Finite Element Procedures",
  year = "2014",
  edition = "2nd",
  publisher = "Prentice Hall, Pearson Education Inc.",
  language = "english",
  hyphenation = "english",
}

@book{felippa,
  title="Introduction to Finite Element Methods",
  author="Felippa, Carlos A.",
  institution="University of Colorado Boulder",
  year="2004",
  language = "english",
  hyphenation = "english",
 
}



@book{zienkiewicz1,
  author = "Zienkiewicz, O. C.  and Taylor, R. L. and Zhu,  J. Z. ",
  title = "The Finite Element Method: its basis and fundamentals",
  volume = "1",
  year = "2005",
  edition = "6th",
  publisher = "Elsevier",
 language = "english",
 hyphenation = "english",
}

@book{zienkiewicz3,
  author = "Zienkiewicz, O. C.  and Taylor, R. L.",
  title = "The Finite Element Method for Solid and Structural Mechanics",
  volume = "3",
  year = "2005",
  edition = "6th",
  publisher = "Elsevier",
 language = "english",
 hyphenation = "english",
}

@article{ gmsh,
  author = "Geuzaine, C.  and Remacle, J. F. ",
  title = "Gmsh: a three-dimensional finite element mesh generator with built-in pre- and post-processing facilities",
  journal = "International Journal for Numerical Methods in Engineering",
  volume = "79",
  number = "11",
  pages = "1309--1331",
  year = "2009",
 language = "english",
 hyphenation = "english",
}

@InCollection{paraview,
  author    = {James Ahrens and Berk Geveci and Charles Law},
  booktitle = {Visualization Handbook},
  publisher = {Elesvier},
  title     = {{ParaView}: An End-User Tool for Large Data Visualization},
  year      = {2005},
  note      = {{ISBN}~978-0123875822},
 language = "english",
 hyphenation = "english"
 }

@TechReport{petsc-user-ref,
  Author = {Satish Balay and Shrirang Abhyankar and Mark~F. Adams and Steven Benson and Jed Brown
    and Peter Brune and Kris Buschelman and Emil Constantinescu and Lisandro Dalcin and Alp Dener
    and Victor Eijkhout and Jacob Faibussowitsch and William~D. Gropp and V'{a}clav Hapla and Tobin Isaac and Pierre Jolivet
    and Dmitry Karpeev and Dinesh Kaushik and Matthew~G. Knepley and Fande Kong and Scott Kruger
    and Dave~A. May and Lois Curfman McInnes and Richard Tran Mills and Lawrence Mitchell and Todd Munson
    and Jose~E. Roman and Karl Rupp and Patrick Sanan and Jason Sarich and Barry~F. Smith
    and Stefano Zampini and Hong Zhang and Hong Zhang and Junchao Zhang},
  Title = {{PETSc/TAO} Users Manual},
  Number = {ANL-21/39 - Revision 3.19},
  Doi = {10.2172/1968587},
  Institution = {Argonne National Laboratory},
  Year = {2023},
 language = "english",
 hyphenation = "english"
}
@InProceedings{petsc-efficient,
  Author = {Satish Balay and William D. Gropp and Lois Curfman McInnes and Barry F. Smith},
  Title = {Efficient Management of Parallelism in Object Oriented Numerical Software Libraries},
  Booktitle = {Modern Software Tools in Scientific Computing},
  Editor = {E. Arge and A. M. Bruaset and H. P. Langtangen},
  Pages = {163--202},
  Publisher = {Birkh{\"{a}}user Press},
  Year = {1997},
 language = "english",
 hyphenation = "english"
  
}
@Article{slepc-toms,
   author = "Vicente Hernandez and Jose E. Roman and Vicente Vidal",
   title = "{SLEPc}: A Scalable and Flexible Toolkit for the Solution of Eigenvalue Problems",
   journal = "{ACM} Trans. Math. Software",
   volume = "31",
   number = "3",
   pages = "351--362",
   year = "2005",
   doi = "10.1145/1089014.1089019",
 language = "english",
 hyphenation = "english"
   
}
@TechReport{slepc-manual,
   author = "J. E. Roman and C. Campos and L. Dalcin and E. Romero and A. Tomas",
   title = "{SLEPc} Users Manual",
   number = "DSIC-II/24/02 - Revision 3.19",
   institution = "D. Sistemes Inform\`atics i Computaci\'o, Universitat Polit\`ecnica de Val\`encia",
   year = "2023",
 language = "english",
 hyphenation = "english"
   
}



@misc{brown2022performance,
      title={Performance Portable Solid Mechanics via Matrix-Free $p$-Multigrid}, 
      author={Jed Brown and Valeria Barra and Natalie Beams and Leila Ghaffari and Matthew Knepley and William Moses and Rezgar Shakeri and Karen Stengel and Jeremy L. Thompson and Junchao Zhang},
      year={2022},
      eprint={2204.01722},
      archivePrefix={arXiv},
      primaryClass={cs.MS},
      doi = "10.48550/arXiv.2204.01722",
 language = "english",
 hyphenation = "english"
}


@article{pcpatch,
author = {Farrell, Patrick E. and Knepley, Matthew G. and Mitchell, Lawrence and Wechsung, Florian},
title = {PCPATCH: Software for the Topological Construction of Multigrid Relaxation Methods},
year = {2021},
issue_date = {September 2021},
publisher = {Association for Computing Machinery},
address = {New York, NY, USA},
volume = {47},
number = {3},
issn = {0098-3500},
url = {https://doi.org/10.1145/3445791},
doi = {10.1145/3445791},
abstract = {Effective relaxation methods are necessary for good multigrid convergence. For many equations, standard Jacobi and Gau\ss{}–Seidel are inadequate, and more sophisticated space decompositions are required; examples include problems with semidefinite terms or saddle point structure. In this article, we present a unifying software abstraction, PCPATCH, for the topological construction of space decompositions for multigrid relaxation methods. Space decompositions are specified by collecting topological entities in a mesh (such as all vertices or faces) and applying a construction rule (such as taking all degrees of freedom in the cells around each entity). The software is implemented in PETSc and facilitates the elegant expression of a wide range of schemes merely by varying solver options at runtime. In turn, this allows for the very rapid development of fast solvers for difficult problems.},
journal = {ACM Trans. Math. Softw.},
month = {jun},
articleno = {25},
numpages = {22},
keywords = {Multigrid, parameter-robust preconditioning, subspace correction, relaxation, finite elements -2pt}
}

@manual {gsl,
 author = "Galassi, M. and others",
 title = "{GNU} Scientific Library Reference Manual",
 edition = "3rd",
 note = "ISBN 0954612078",
 language = "english",
 hyphenation = "english",}

@article {delquad,
 author = "Remacle, J. F. and Henrotte, F. and Carrier-Baudouin, T. and B{\'e}chet, E. and Marchandise, E. and Geuzaine, C. and Mouton, T.",
 title = "A frontal Delaunay quad mesh generator using the {$L^\infty$} norm",
 journal = "International Journal for Numerical Methods in Engineering",
 volume = "94",
 number = "5",
 pages = "494--512",
 month = may,
 year = "2013",
 language = "english",
 hyphenation = "english",}


@article {krylov-schur,
 author = "Stewart, G. W.",
 title = "A {K}rylov-{S}chur Algorithm for Large Eigenproblems",
 journal = "SIAM Journal on Matrix Analysis and Applications",
 number = "23",
 volume = "3",
 pages = "601--614",
 year = "2002",
 language = "english",
 hyphenation = "english",
}

@article {kdtree,
 author = "Bentley, J. L",
 title = "Multidimensional binary search trees used for associative searching",
 journal = "Communications of the ACM",
 volume = "18",
 issue = "9",
 month = sep,
 pages = "509--517",
 year = "1975",
 language = "english",
 hyphenation = "english",
}

@Techreport{ anl7416,
    number = "{ANL-7416} Supplement 2",
    title = "{A}rgonne {C}ode {C}enter: {B}enchmark Problem Book",
    author = "{ANS}",
    institution = "{A}rgonne {N}ational {L}aboratory",
    year = "1977",
    month = "6",
 language = "english",
 hyphenation = "english",
}

@article {gumersindo,
  author = "\'Alvaro Bernal and Rafael Mir\'o and Dami\'an Ginestar and Gumersindo Verd\'u",
  title = "Resolution of the Generalized Eigenvalue Problem in the Neutron Diffusion Equation Discretized by the Finite Volume Method",
  journal = "Abstract and Applied Analysis",
  volume = "913043",
  year = "2014",
  doi = "10.1155/2014/913043",
 language = "english",
 hyphenation = "english",
}





@InProceedings{computadoras65,
    Author     = "W. J. Worlton and E. A. Voorhees",
    Title      = "Recent Developments in Computers and Their Implication for Reactor Calculations",
    organization = "American Nuclear Society",
    Booktitle  = "Proceedings of the Conference on the Applications to Reactor Problems",
    Year       = "1965",
 language = "english",
 hyphenation = "english",

} 

@book{texbook,
  author = "Donald E. Knuth",
  title = "The TeXbook",
  publisher = "Addison-Wesley",
  year = "1984",
 language = "english",
 hyphenation = "english",

}

@book {c-programming,
 author = "Brian W. Kernighan and Dennis M. Ritchie",
 title = "The {C} Programming Language",
 publisher = "Prentice Hall",
 edition = "2nd",
 year = "1988",
 language = "english",
 hyphenation = "english",

}

@book {blaauw,
 author = "Gerrit A. Blaauw and Frederick P. Brooks",
 title = "Computer Architecture: Concepts and Evolution",
 publisher = "Addison-Wesley",
 year = "1997",
 language = "english",
 hyphenation = "english",

}

@mastersthesis { rivero2011,
  title = "Optimizaci{\'o}n computacional de la soluci{\'o}n num{\'e}rica de la ecuaci{\'o}n de difusi{\'o}n de neutrones",
  author = "M. Rivero",
  type = "Tesis de la {M}aestr{\'i}a en {S}imulaci{\'o}n {N}um{\'e}rica y {C}ontrol",
  school = "Univesidad de Buenos Aires",
  year = "2011",
 language = "spanish",
 hyphenation = "spanish",

}

@MastersThesis{ nachogatech,
 title = "Multilevel Acceleration of Neutron Transport Calculations",
 author = "{José Ignacio} {Márquez Damián}",
 school = "Georgia Institute of Technology",
 year = "2007",
 language = "english",
 hyphenation = "english",
}


@MastersThesis{ perezwinter,
 title = "Optimización térmica del reflector de un reactor nuclear",
 author = "Alan Erik Pérez Winter",
 school = "Instituto Balseiro",
 year = "2023",
 language = "spanish",
 hyphenation = "spanish",
}



@PhDThesis{ park,
 title = "Coupled Space-Angle Adaptivity And Goal-Oriented Error Control For Radiation Transport Calculations",
 author = "Hyeong Kae Park",
 school = "Georgia Institute of Technology",
 year = "2006",
 language = "english",
 hyphenation = "english",
}

@article { methods,
 title = "Methods for processing ENDF/B-VII with NJOTY",
 author = "MacFarlane R. E. and Kahler A. C.",
 year = "2010",
 journal = "Nuclear Data Sheets",
 volume = "111",
 number = "12",
 pages="2739--2890",
 language = "english",
 hyphenation = "english",
}

@inbook {bookevol,
 title = "Handbook of Numerical Analysis",
 chapter = "{T}he {F}inite {V}olume {M}ethod",
 author = "R. Eymard and T. Gallouët and R. Herbin",
 year = "2000",
 language = "english",
 hyphenation = "english",
}

@book{intro-parallel,
 title = "Introduction to Parallel Computing",
 author = "Roman Trobec and Boštjan Slivnik and Patricio Bulić and Borut Robič",
 publisher = "Springer",
 location = "Switzerland",
 year = "2018",
 language = "english",
 hyphenation = "english",
}


@InProceedings{mpi,
author="Clarke, Lyndon
and Glendinning, Ian
and Hempel, Rolf",
editor="Decker, Karsten M.
and Rehmann, Ren{\'e} M.",
title="The MPI Message Passing Interface Standard",
booktitle="Programming Environments for Massively Parallel Distributed Systems",
year="1994",
publisher="Birkh{\"a}user Basel",
address="Basel",
pages="213--218",
isbn="978-3-0348-8534-8",
 language = "english",
 hyphenation = "english",
}

@book{pdes,
 title = "Partial Differential Equations",
 author = "Jürgen Jost",
 publisher = "Springer",
 location = "New York",
 edition = "3rd",
 year = "2013",
 language = "english",
 hyphenation = "english",
}

@book{applied-pdes,
 title = "Applied Partial Differential Equations",
 author = "J. David Logan",
 publisher = "Springer",
 year = "2015",
 language = "english",
 hyphenation = "english",
}

@book {hughes,
 title = "{T}he {F}inite {E}lement {M}ethod",
 author = "Thomas J. R. Hughes",
 publisher = "Prentince Hall",
 year = "1987",
 language = "english",
 hyphenation = "english",
}


@book {quarteroni,
 title = "Numerical Models for Differential Problems",
 author = "A. Quarteroni",
 publisher = "Springer",
 year = "2009",
 language = "english",
 hyphenation = "english",
}

@book {brennerscott,
 title = "The Mathematical Theory of Finite Elements Methods",
 author = "S. C. Brenner and L. R. Scott",
 publisher = "Springer",
 edition = "3rd",
 year = "2008",
 language = "english",
 hyphenation = "english",
}

@inproceedings{shepard,
 title = "A two-dimensional interpolation function for irregularly-spaced data",
 author = "D. Shepard",
 booktitle = "Proceedings of the 1968 ACM National Conference",
 pages = "517--524",
 year = "1968",
 doi = "doi:10.1145/800186.810616",
 language = "english",
 hyphenation = "english",
}

@article{oberkampf,
  title={Verification and validation benchmarks},
  author={William L. Oberkampf and Timothy G. Trucano},
  journal={Nuclear Engineering and Design},
  year={2008},
  volume={238},
  pages={716-743},
  url={https://api.semanticscholar.org/CorpusID:110737903},
 language = "english",
 hyphenation = "english",
}

@book{roache,
 author = "P. J. Roache",
 title = "Verification and Validation in Computational Science and Engineering",
 publisher = "Hermosa Publishers",
 location = "Albuquerque NM",
 year = "1998",
 language = "english",
 hyphenation = "english",
}

@article{historia-fem,
 author  = "Wing Kam Liu and Shaofan Li and Harold S. Park",
 title   = "Eighty Years of the Finite Element Method: Birth, Evolution, and Future",
 journal = "Archives of Computational Methods in Engineering",
 volume  = "29",
 pages   = "4431--4453",
 year    = "2022",
 language = "english",
 hyphenation = "english",
}


@article{brandt,
 author  = "Achi Brandt",
 title   = "Multi-Level Adaptive Solutions to Boundary-Value Problems",
 journal = "Mathematics of Computation",
 volume  = "31",
 number  = "138",
 pages   = "333.390",
 month   = "4",
 year    = "1977",
 language = "english",
 hyphenation = "english",
}


@misc{brown2022performance,
      title={Performance Portable Solid Mechanics via Matrix-Free $p$-Multigrid}, 
      author={Jed Brown and Valeria Barra and Natalie Beams and Leila Ghaffari and Matthew Knepley and William Moses and Rezgar Shakeri and Karen Stengel and Jeremy L. Thompson and Junchao Zhang},
      year={2022},
      eprint={2204.01722},
      archivePrefix={arXiv},
      primaryClass={cs.MS}
}

@article{baker2009,
 title = "Improving algebraic multigrid interpolation operators for linear elasticity problems",
 author = "A. H. Baker and Tz. V. Kolev and U. M. Yang",
 year = 2010,
 journal = "Numerical Linear Algebra With Applications",
 volume = "17",
 doi = "10.1002/nla.688",
 pages = "495--517",
 language = "english",
 hyphenation = "english",
} 

@article {gnu-manifesto,
 author = "Richard M. Stallman",
 title = "The {GNU} Manifesto",
 journal = "Dr. Dobb's Journal of Software Tools",
 volume = "10",
 number = "3",
 page = "30",
 year = "1985",
 language = "english",
 hyphenation = "english",
}



@article{unix,
 author = "Dennis Ritchie and Ken Thompson",
 year = "1974",
 title = "The UNIX time-sharing system",
 journal = "Communications of the ACM",
 number = 17,
 volume = 7,
 pages = "365--375",
 doi = "10.1145/361011.361061",
 language = "english",
 hyphenation = "english",
} 

@article{steffen,
 author = "M. Steffen",
 title = "A simple method for monotonic interpolation in one dimension",
 journal = "Astron. Astrophys.",
 number = "239",
 pages = "443--450",
 year = 1990,
 language = "english",
 hyphenation = "english",
} 


@article{reed,
author = {William H. Reed},
title = {New Difference Schemes for the Neutron Transport Equation},
journal = {Nuclear Science and Engineering},
volume = {46},
number = {2},
pages = {309--314},
year = {1971},
publisher = {Taylor & Francis},
doi = {10.13182/NSE46-309},
 language = "english",
 hyphenation = "english",
}

@article{azmy,
author = {Y. Y. Azmy},
title = {The Weighted Diamond-Difference Form of Nodal Transport Methods},
journal = {Nuclear Science and Engineering},
volume = {98},
number = {1},
pages = {29--40},
year = {1988},
publisher = {Taylor & Francis},
doi = {10.13182/NSE88-6},
URL = { https://doi.org/10.13182/NSE88-6},
 language = "english",
 hyphenation = "english",
}


@article{ray-effect,
author = {William R. Martin and Carl E. Yehnert and Leonard Lorence and James J. Duderstad},
title = {Phase-Space Finite Element Methods Applied To The First-Order Form Of The Transport Equation},
journal = {Annals of Nuclear Energy},
volume = {8},
pages = {633--646},
year = {1981},
 language = "english",
 hyphenation = "english",
}


@article{sobol,
 author= "Sobol, I.M.",
 title = "Distribution of points in a cube and approximate evaluation of integrals",
 journal = "U.S.S.R Comput. Maths. Math. Phys.",
 volume = "7",
 pages = "86--112",
 year = 1967,
 language = "english",
 hyphenation = "english",
}

@article{halton,
author = {Halton, J. H.},
title = {Algorithm 247: Radical-Inverse Quasi-Random Point Sequence},
year = {1964},
issue_date = {Dec. 1964},
publisher = {Association for Computing Machinery},
address = {New York, NY, USA},
volume = {7},
number = {12},
issn = {0001-0782},
url = {https://doi.org/10.1145/355588.365104},
doi = {10.1145/355588.365104},
journal = {Commun. ACM},
month = {dec},
pages = {701–702},
numpages = {2}
}

@techreport{sandia-mms,
 number = "SAMD2000-1444",
 year = "2000",
 author = "Kambiz Salari and Patrick Knupp",
 title = "Code Verification by the Method of Manufactured Solutions",
 institution = "Sandia Natioal Laboratories",
 langid = "english",
 language = "english",
}



@article{dmplex,
title     = {Efficient mesh management in {Firedrake} using {PETSc-DMPlex}},
author    = {Michael Lange and Lawrence Mitchell and Matthew G. Knepley and Gerard J. Gorman},
journal   = {SIAM Journal on Scientific Computing},
volume    = {38},
number    = {5},
pages     = {S143--S155},
eprint    = {http://arxiv.org/abs/1506.07749},
doi       = {10.1137/15M1026092},
year      = {2016},
petsc_uses={DMPlex},
 langid = "english",
 language = "english",
}

@article{kirby2004,
  title   = {Algorithm 839: FIAT, a New Paradigm for Computing Finite Element Basis Functions},
  journal = {ACM Transactions on Mathematical Software},
  author  = {Robert C. Kirby},
  volume  = {30},
  number  = {4},
  pages   = {502--516},
  doi     = {10.1145/1039813.1039820},
  year    = {2004},
 langid = "english",
 language = "english",
}


@article{neldermead,
    author = {Nelder, J. A. and Mead, R.},
    title = "{A Simplex Method for Function Minimization}",
    journal = {The Computer Journal},
    volume = {7},
    number = {4},
    pages = {308-313},
    year = {1965},
    month = {01},
    abstract = "{A method is described for the minimization of a function of n variables, which depends on the comparison of function values at the (n + 1) vertices of a general simplex, followed by the replacement of the vertex with the highest value by another point. The simplex adapts itself to the local landscape, and contracts on to the final minimum. The method is shown to be effective and computationally compact. A procedure is given for the estimation of the Hessian matrix in the neighbourhood of the minimum, needed in statistical estimation problems.}",
    issn = {0010-4620},
    doi = {10.1093/comjnl/7.4.308},
    url = {https://doi.org/10.1093/comjnl/7.4.308},
    eprint = {https://academic.oup.com/comjnl/article-pdf/7/4/308/1013182/7-4-308.pdf},
 langid = "english",
 language = "english",
}



@PhDThesis{haykel,
title = "Simulation de mécanismes de contrôle de la réactivité inclinés du réacteur {SCWR}-canadien en utilisant les codes Dragon-5 et Donjon-3",
  author = "Haykel Raouafi",
  school = "École Polytechnique De Montréal",
  year = "2017",
  language = "french",
  hyphenation = "french"
}

@article{ufl,
author = {Aln\ae{}s, Martin S. and Logg, Anders and \O{}lgaard, Kristian B. and Rognes, Marie E. and Wells, Garth N.},
title = {Unified Form Language: A Domain-Specific Language for Weak Formulations of Partial Differential Equations},
year = {2014},
issue_date = {February 2014},
publisher = {Association for Computing Machinery},
address = {New York, NY, USA},
volume = {40},
number = {2},
issn = {0098-3500},
url = {https://doi.org/10.1145/2566630},
doi = {10.1145/2566630},
abstract = {We present the Unified Form Language (UFL), which is a domain-specific language for representing weak formulations of partial differential equations with a view to numerical approximation. Features of UFL include support for variational forms and functionals, automatic differentiation of forms and expressions, arbitrary function space hierarchies for multifield problems, general differential operators and flexible tensor algebra. With these features, UFL has been used to effortlessly express finite element methods for complex systems of partial differential equations in near-mathematical notation, resulting in compact, intuitive and readable programs. We present in this work the language and its construction. An implementation of UFL is freely available as an open-source software library. The library generates abstract syntax tree representations of variational problems, which are used by other software libraries to generate concrete low-level implementations. Some application examples are presented and libraries that support UFL are highlighted.},
journal = {ACM Trans. Math. Softw.},
month = {mar},
articleno = {9},
numpages = {37},
keywords = {symbolic differentiation, functional, partial differential equation, AD, index notation, automatic functional differentiation, tensor algebra, embedded language, PDE, DSEL, DSL, mixed element, weak formulation, domain specific language, discretization, weak form, finite element method, algorithmic differentiation, FEM, einstein notation, implicit summation}
}


@article{sundials,
  title     = {Enabling new flexibility in the {SUNDIALS} suite of nonlinear and differential/algebraic equation solvers},
  author    = {Gardner, David J and Reynolds, Daniel R and Woodward, Carol S and Balos, Cody J},
  journal   = {ACM Transactions on Mathematical Software (TOMS)},
  publisher = {ACM},
  year      = {2022},
  doi       = {10.1145/3539801},
 langid = "english",
 language = "english",
}
