@article{milongaiaea2011,
    author = "Germán Theler and Fabián J. Bonetto and Alejandro Clausse",
    journal = "Actas de la Reunión Anual de la Asociación Argentina de Tecnología Nuclear",
    location = "Buenos Aires, Argentina",
    title = "Solution of the 2D IAEA PWR Benchmark with the neutronic code milonga",
    volume = "XXXVIII",
    year = "2011",
    language = "english",
    hyphenation = "english",

}



@article{milongabase2010,
    author = "Germán Theler and Fabián J. Bonetto and Alejandro Clausse",
    journal = "Reunion Anual de la Asociacion Argentina de Tecnologia Nuclear",
    location = "Buenos Aires, Argentina",
    title = "{Optimización de parametros en reactores de potencia: base de diseño del codigo neutrónico milonga}",
    volume = "XXXVII",
    year = "2010",
    language = "spanish",
    hyphenation = "spanish",

}

@inproceedings{aatn-dypra-2009,
 author="Germán Theler and Julián Di Cesare and Ricardo Garbero and Miguel Schivo and Matías Rivero",
 title = "Desarrollo y acople de códigos de cálculo para simulación de transitorios de operación de la Central Nuclear Atucha~II",
 booktitle = "Actas de la  XXXVI Reunión Anual de la Asociación Argentina de Tecnología Nuclear",
 year = "2009",
 location = "Buenos Aires",
 language = "spanish",
 hyphenation = "spanish",
} 

@inproceedings{aatn-dypra-2010,
 author="Germán Theler and Matías Rivero and Julián Di Cesare and Ricardo Garbero and Miguel Schivo",
 title = "Desarrollo y acople de códigos de cálculo para simulación de transitorios de operación de la Central Nuclear Atucha~II",
 booktitle = "Actas de la  XXXVII Reunión Anual de la Asociación Argentina de Tecnología Nuclear",
 year = "2010",
 location = "Buenos Aires",
 language = "spanish",
 hyphenation = "spanish",
}

@inproceedings{ ing2010-pumita,
 author = "Germán Theler and Matías Rivero",
 title = "Optimization of the numerical solution of the nuclear reactor neutron diffusion equation",
 booktitle = "Congreso Mundial y Exposición Ingeniería 2010, Buenos Aires",
 year = "2010",
 location = "Buenos Aires",
 language = "english",
 hyphenation = "english",
}


@inproceedings{aatn-dypra-2011,
 author="Germán Theler and Julián Di Cesare and Ricardo Garbero and Miguel Schivo and Matías Rivero",
 title = "Inclusión del simulador de~Teleperm XS en la suite de calculo acoplada DyPRA para transitorios de operación de Atucha~II",
 booktitle = "Actas de la  XXXVIII Reunión Anual de la Asociación Argentina de Tecnología Nuclear",
 year = "2011",
 location = "Buenos Aires",
 language = "spanish",
 hyphenation = "spanish",
}

@inproceedings{aatn-dypra-2012,
 author="Germán Theler and Ricardo Garbero and Julián Di Cesare and Miguel Schivo and Matías Rivero",
 title = "Emulación del control de potencia y nivel de presurizador con la suite de cálculo acoplado DyPRA en transitorios de operación de Atucha~II",
 booktitle = "Actas de la  XXXIX Reunión Anual de la Asociación Argentina de Tecnología Nuclear",
 year = "2012",
 location = "Buenos Aires",
 language = "spanish",
 hyphenation = "spanish",
}


@inproceedings{aatn-cpl-2012,
 author="Germán Theler and Juan P. {Gómez Omil} and  Oscar Mazzantini",
 title = "Esquema de acople entre RELAP y códigos de control para el cálculo de transitorios de seguridad en la Central Nuclear Atucha~II",
 booktitle = "Actas de la XXXIX Reunión Anual de la Asociación Argentina de Tecnología Nuclear",
 year = "2012",
 location = "Buenos Aires",
 language = "spanish",
 hyphenation = "spanish",
}

@inproceedings{aatn-doppler-2013,
 author =" Germán Theler and Miguel Schivo",
 title = "Estimación del coeficiente de reactividad por temperatura del combustible en reactores tipo Atucha mediante ajuste de modelos matematicos a mediciones experimentales",
 booktitle = "Actas de la XL Reunión Anual de la Asociación Argentina de Tecnología Nuclear",
 year = "2013",
 location = "Buenos Aires",
 language = "spanish",
 hyphenation = "spanish",
}

@inproceedings{aatn-doppler-2014,
 author =" Germán Theler and Miguel Schivo and Gustavo Salom",
 title = "Estimación del coeficiente de reactividad por temperatura del combustible de la Central Nuclear Atucha~II a partir de mediciones de flujo neutrónico",
 booktitle = "Actas de la XLI Reunión Anual de la Asociación Argentina de Tecnología Nuclear",
 year = "2014",
 location = "Buenos Aires",
 language = "spanish",
 hyphenation = "spanish",
}

@inproceedings{ ing2014-boro,
 author = "Germán Theler and Oscar Mazzantini",
 title = "Desarrollo de capacidades locales para ingeniería de licenciamiento de centrales nucleares: evaluación de los efectos de la inyección de boro de emergencia",
 booktitle = "Congreso Ingeniería 2014, Buenos Aires",
 year = "2014",
 location = "Buenos Aires",
 language = "spanish",
 hyphenation = "spanish",
}

@inproceedings{aatn-pumita-2014,
 author="Germán Theler",
 title = "Generalización del código neutrónico PCE para su aplicación a Atucha~I",
 booktitle = "Actas de la  XLI Reunión Anual de la Asociación Argentina de Tecnología Nuclear",
 year = "2014",
 location = "Buenos Aires",
 language = "spanish",
 hyphenation = "spanish",
}

@inproceedings{aatn-xs-2014,
 author="Germán Theler and Daniel Roqueta and Ariel Tarazaga",
 title = "Cálculo de Secciones Eficaces Condensadas a 2 Grupos, para Simulación de Transitorios con Inyección Rápida de Boro Enriquecido",
 booktitle = "Actas de la  XLI Reunión Anual de la Asociación Argentina de Tecnología Nuclear",
 year = "2014",
 location = "Buenos Aires",
 language = "spanish",
 hyphenation = "spanish",
}

@inproceedings{aatn-aet-2014,
 author="Germán Theler and Ariel Tarazaga and  Daniel Roqueta",
 title = "Desarrollo de la neutrónica del segundo sistema de extinción de la Central Nuclear Atucha~I para su implementación en un esquema de acople completo de control, termohidráulica y neutrónica",
 booktitle = "Actas de la  XLI Reunión Anual de la Asociación Argentina de Tecnología Nuclear",
 year = "2014",
 location = "Buenos Aires",
 language = "spanish",
 hyphenation = "spanish",
}

@inproceedings{mms-techcon,
 author="Germán Theler",
 title = "Verification of {PDE} solvers with the {M}ethod of {M}anufactured {S}olutions",
 booktitle = "Ansys TechCon",
 year = "2023",
 location = "Pittsburg",
 language = "english",
 hyphenation = "english",
}


@inproceedings{reflex-petsc,
 author = "Ashish Patel and Jeremy Theler and Francesc Levrero-Florencio and Nabil Abboud and Mohammad Sarraf Joshaghani and Scott McClennan",
 title = "Scalable cloud-native thermo-mechanical solvers using PETSc",
 booktitle = "PETSc Annual Meeting",
 year = "2023",
 location = "Chicago",
 language = "english",
 hyphenation = "english",
}





@inproceedings{garcar2022,
 author = "Germán Theler",
 title = "A cloud-first approach for solving core-level neutron transport",
 booktitle = "8va. Reunión Anual Grupo Argentino de Cálculo y Análisis de Reactores",
 year = "2022"
}


@inproceedings{garcar2023,
 author = "Germán Theler",
 title = "Sobre la verificación de un Solver neutrónico con el método de soluciones fabricadas",
 booktitle = "9va. Reunión Anual Grupo Argentino de Cálculo y Análisis de Reactores",
 year = "2023",
 language = "spanish",
 hyphenation = "spanish",
}

