@techreport{manual-relapcpl,
 title = "RELAP5CPL: Extensión del código RELAP para permitir la realización de simulaciones termofluidodinámicas acopladas con códigos de cálculo externos",
 author = "Germán Theler",
 number = "10105-G-IT-001",
 institution = "TECNA S.A.",
 year = "2010",
 language = "spanish",
 hyphenation = "spanish",
}

@techreport{pumitacpl,
 title = "PUMITACPL: Extensión del Programa Cinético Espacial de cálculo neutrónico 3D para permitir simulaciones con realimentación termohidráulica y señales de control externas",
 author = "Germán Theler and Matías Rivero",
 number = "10105-G-IT-004",
 institution = "TECNA S.A.",
 year = "2010",
 language = "spanish",
 hyphenation = "spanish",
}

@techreport{tanque,
 title = "Verificación del mecanismo de acople de RELAP5 MOD3.3-CPL con codigos de externos",
 author = "Germán Theler",
 number = "10105-G-IT-009",
 institution = "TECNA S.A.",
 year = "2011",
 language = "spanish",
 hyphenation = "spanish",
}


@techreport{dypra-steady,
 title = "Cálculo  de condiciones de estado estacionario de la CNA2 con DyPRA",
 author = "Germán Theler",
 number = "10105-G-IT-019",
 institution = "TECNA S.A.",
 year = "2012",
 language = "spanish",
 hyphenation = "spanish",
}

@techreport{pumita-opt,
 title = "Optimización computacional del código PCE",
 author = "Matías Rivero",
 number = "10105-G-IT-007",
 institution = "TECNA S.A.",
 year = "2010",
 language = "spanish",
 hyphenation = "spanish",
}

@techreport{acople-cna1,
 author = "Germán Theler",
 title = "On the implementation of reactor control and protection systems as Fortran routines and data exchange mechanisms between RELAP and other codes",
 institution = "TECNA S.A.",
 number = "10527-N-IT14-102",
 year = "2014",
 language = "english",
 hyphenation = "english",
}

@techreport{doppler2013,
 title = "Estimación del coeficiente de reactividad por temperatura del combustible mediante ajuste de modelos matemáticos a mediciones experimentales",
 author = "Germán Theler",
 number = "10105-G-IT-101",
 institution = "TECNA S.A.",
 year = "2013",
 language = "spanish",
 hyphenation = "spanish",
}


@techreport{chequeo-barras,
 author = "Germán Theler",
 title = "Verificación de la geometría discretizada de las barras de control de la CNA2 en el código neutrónico de núcleo PCE",
 institution = "TECNA S.A.",
 number = "10105-G-IT-103",
 year = "2013",
 language = "spanish",
 hyphenation = "spanish",
}

@techreport{milonga-db,
 author = "Germán Theler",
 title = "On the design basis of a new core-level neutronic code written from scratch: the milonga free nuclear reactor core analysis code",
 number = "WA-MI-AR-14-11D3",
 revision = "C",
 year = "2014",
 language = "english",
 hyphenation = "english",
}


@techreport{doppler5,
 title = "Estimación del coeficiente de reactividad por temperatura del combustible con núcleo fresco al 5\% de potencia",
 author = "Germán Theler",
 number = "10527-N-IT14-101",
 institution = "TECNA S.A.",
 year = "2014",
 language = "spanish",
 hyphenation = "spanish",
}

@techreport{axial2014,
 title = "Variación axial de la distribución de potencia en función del programa de movimiento de bancos de la CNA2",
 author = "Germán Theler",
 number = "10527-N-IT-106",
 institution = "TECNA S.A./CITES",
 year = "2014",
 language = "spanish",
 hyphenation = "spanish",
}

@techreport{doppler50,
 title = "Estimación del coeficiente de reactividad por temperatura del combustible con núcleo fresco al 50\% de potencia",
 author = "Germán Theler",
 number = "10527-N-IT14-105",
 institution = "TECNA S.A.",
 year = "2014",
 language = "spanish",
 hyphenation = "spanish",
}

@techreport{doppler30,
 title = "Estimación del coeficiente de reactividad por temperatura del combustible con núcleo fresco al 30\% de potencia",
 author = "Germán Theler",
 number = "10527-N-IT14-103",
 institution = "TECNA S.A.",
 year = "2014",
 language = "spanish",
 hyphenation = "spanish",
}

@techreport{doppler75,
 title = "Estimación del coeficiente de reactividad por temperatura del combustible con núcleo fresco al 75\% de potencia",
 author = "Germán Theler",
 number = "10527-N-IT14-107",
 institution = "TECNA S.A.",
 year = "2014",
 language = "spanish",
 hyphenation = "spanish",
}

@techreport{pce-extensions,
 author = "Germán Theler",
 title = "Descripción de las extensiones al Programa Cinético Espacial (PCE) realizadas por TECNA",
 number = "10527-N-IT15-301",
 institution = "TECNA S.A./CITES",
 year = "2015",
 language = "spanish",
 hyphenation = "spanish",
}

@techreport{pgbsol75,
 title = "Modificación del setpoint de bloque con el reactor en modo manual al 75\% de potencia",
 author = "Germán Theler",
 number = "10527-N-RC14-1775",
 institution = "TECNA S.A./CITES",
 year = "2014",
 language = "spanish",
 hyphenation = "spanish",
}

@techreport{g2075,
 title = "Inserción de 12 pasos del banco G20 al 75\% de potencia sin controlar el reactor",
 author = "Germán Theler",
 number = "10527-N-RC14-1675",
 institution = "TECNA S.A./CITES",
 year = "2014",
 language = "spanish",
 hyphenation = "spanish",
}

@techreport{bypass75,
 title = "Apertura del 16\% de una válvula de by-pass de la línea principal de vapor al 75\% de potencia sin controlar el reactor",
 author = "Germán Theler",
 number = "10527-N-RC14-1575",
 institution = "TECNA S.A./CITES",
 year = "2014",
 language = "spanish",
 hyphenation = "spanish",
}

@techreport{eficiencia,
 title = "Obtención de la curva de eficiencia de la turbina en función del nivel de potencia del reactor modelada en el código DYNETZ",
 author = "Germán Theler",
 number = "10527-N-RC14-1000",
 institution = "TECNA S.A.",
 year = "2014",
 language = "spanish",
 hyphenation = "spanish",
}

@techreport{mms-onscale,
 title = " Verification by the Method of Manufactured Solutions: application to the steady-state thermal problem",
 author = "Germán Theler",
 institution = "Onscale",
 year = "2021",
 language = "english",
 hyphenation = "english",
}
