@article{dypra-stni,
    author = "Theler, G. and Mazzantini, O. and Schivo, M. and {Di Cesare}, J. and Garbero, R. and Rivero, M.",
    journal = "Science and Technology of Nuclear Installations",
    title = "{A coupled calculation suite for Atucha II operational transients analysis}",
    volume = "2011:785304",
    year = "2011",
    language = "english",
    hyphenation = "english",

}

@article{stability-nucengdes,
    author = "Theler, G. and Bonetto, F. J.",
    journal = "Nuclear Engineering and Design",
    month = jun,
    number = "6",
    pages = "1443--1449",
    title = "On the stability of the point reactor kinetics equations",
    volume = "240",
    year = "2010",
    language = "english",
    hyphenation = "english",

}

@article {stni-meshes,
  author = "G. Theler",
  title = "Unstructured Grids and the Multigroup Neutron Diffusion Equation",
  journal = "Science and Technology of Nuclear Installations",
  volume = "2014:641863",
  year = "2013",
  language = "english",
  hyphenation = "english",
}